@online{rigidity-paper,
      title={Rigidity and Schofield's partial tilting conjecture for quiver moduli}, 
      author={Pieter Belmans and Ana-Maria Brecan and Hans Franzen and Gianni Petrella and Markus Reineke},
      year={2023},
      eprint={2311.17003},
      eprinttype={arXiv},
      eprintclass={math.AG}
}

@online{vector-fields-paper,
      title={Vector fields and admissible embeddings for quiver moduli}, 
      author={Pieter Belmans and Ana-Maria Brecan and Hans Franzen and Markus Reineke},
      year={2023},
      eprint={2311.17004},
      eprinttype={arXiv},
      eprintclass={math.AG}
}

@article{chow-paper,
      title={On Chow rings of quiver moduli}, 
      author={Pieter Belmans and Hans Franzen},
      year={2024},
      %eprint={2307.01711},
      %eprinttype={arXiv},
      %eprintclass={math.AG},
      journal = {IMRN},
      note = {accepted for publication},
      doi = {10.1093/imrn/rnad306}
}

@article{MR3318266,
    AUTHOR = {Franzen, Hans},
     TITLE = {Chow rings of fine quiver moduli are tautologically presented},
   JOURNAL = {Math. Z.},
  FJOURNAL = {Mathematische Zeitschrift},
    VOLUME = {279},
      YEAR = {2015},
    NUMBER = {3-4},
     PAGES = {1197--1223},
   MRCLASS = {14C15 (14C17 16G20)},
  MRNUMBER = {3318266},
       DOI = {10.1007/s00209-015-1409-8},
}

@article{MR3954042,
    AUTHOR = {Belmans, Pieter and Mukhopadhyay, Swarnava},
     TITLE = {Admissible subcategories in derived categories of moduli of
              vector bundles on curves},
   JOURNAL = {Adv. Math.},
  FJOURNAL = {Advances in Mathematics},
    VOLUME = {351},
      YEAR = {2019},
     PAGES = {653--675},
   MRCLASS = {14F05 (14H60 14J45)},
  MRNUMBER = {3954042},
       DOI = {10.1016/j.aim.2019.05.019},
}

@article{MR3713871,
    AUTHOR = {Narasimhan, M. S.},
     TITLE = {Derived categories of moduli spaces of vector bundles on
              curves},
   JOURNAL = {J. Geom. Phys.},
  FJOURNAL = {Journal of Geometry and Physics},
    VOLUME = {122},
      YEAR = {2017},
     PAGES = {53--58},
   MRCLASS = {14F05 (14H60)},
  MRNUMBER = {3713871},
       DOI = {10.1016/j.geomphys.2017.01.018},
}

@incollection{MR3880395,
    AUTHOR = {Narasimhan, M. S.},
     TITLE = {Derived categories of moduli spaces of vector bundles on
              curves {II}},
 BOOKTITLE = {Geometry, algebra, number theory, and their information
              technology applications},
    SERIES = {Springer Proc. Math. Stat.},
    VOLUME = {251},
     PAGES = {375--382},
 PUBLISHER = {Springer, Cham},
      YEAR = {2018},
   MRCLASS = {14F05 (14H60)},
  MRNUMBER = {3880395},
       DOI = {10.1007/978-3-319-97379-1_16},
}

@article{MR3764066,
    AUTHOR = {Fonarev, Anton and Kuznetsov, Alexander},
     TITLE = {Derived categories of curves as components of {F}ano
              manifolds},
   JOURNAL = {J. Lond. Math. Soc. (2)},
  FJOURNAL = {Journal of the London Mathematical Society. Second Series},
    VOLUME = {97},
      YEAR = {2018},
    NUMBER = {1},
     PAGES = {24--46},
   MRCLASS = {14F05 (14H60 14J45)},
  MRNUMBER = {3764066},
       DOI = {10.1112/jlms.12094},
}

@article{MR1974891,
    AUTHOR = {Reineke, Markus},
     TITLE = {The {H}arder-{N}arasimhan system in quantum groups and
              cohomology of quiver moduli},
   JOURNAL = {Invent. Math.},
  FJOURNAL = {Inventiones Mathematicae},
    VOLUME = {152},
      YEAR = {2003},
    NUMBER = {2},
     PAGES = {349--368},
  MRNUMBER = {1974891},
       DOI = {10.1007/s00222-002-0273-4},
}

@article{MR3327537,
    AUTHOR = {Halpern-Leistner, Daniel},
     TITLE = {The derived category of a {GIT} quotient},
   JOURNAL = {J. Amer. Math. Soc.},
  FJOURNAL = {Journal of the American Mathematical Society},
    VOLUME = {28},
      YEAR = {2015},
    NUMBER = {3},
     PAGES = {871--912},
  MRNUMBER = {3327537},
       DOI = {10.1090/S0894-0347-2014-00815-8},
}

@article{MR4352662,
    AUTHOR = {Franzen, Hans and Reineke, Markus and Sabatini, Silvia},
     TITLE = {Fano quiver moduli},
   JOURNAL = {Canad. Math. Bull.},
  FJOURNAL = {Canadian Mathematical Bulletin. Bulletin Canadien de
              Math\'{e}matiques},
    VOLUME = {64},
      YEAR = {2021},
    NUMBER = {4},
     PAGES = {984--1000},
  MRNUMBER = {4352662},
       DOI = {10.4153/S0008439520001009},
}

@book{MR1322960,
    AUTHOR = {Eisenbud, David},
     TITLE = {Commutative algebra},
    SERIES = {Graduate Texts in Mathematics},
    VOLUME = {150},
 PUBLISHER = {Springer-Verlag, New York},
      YEAR = {1995},
     PAGES = {xvi+785},
  MRNUMBER = {1322960},
       DOI = {10.1007/978-1-4612-5350-1},
}

@article{MR3882963,
    AUTHOR = {Hoskins, Victoria},
     TITLE = {Parallels between moduli of quiver representations and vector
              bundles over curves},
   JOURNAL = {SIGMA Symmetry Integrability Geom. Methods Appl.},
  FJOURNAL = {SIGMA. Symmetry, Integrability and Geometry. Methods and
              Applications},
    VOLUME = {14},
      YEAR = {2018},
     PAGES = {Paper No. 127, 46},
  MRNUMBER = {3882963},
       DOI = {10.3842/SIGMA.2018.127},
}

@article{MR0509388,
    AUTHOR = {Be{\u i}linson, A. A.},
     TITLE = {Coherent sheaves on {${\bf P}\sp{n}$} and problems in linear
              algebra},
   JOURNAL = {Funktsional. Anal. i Prilozhen.},
    VOLUME = {12},
      YEAR = {1978},
    NUMBER = {3},
     PAGES = {68--69},
   MRCLASS = {14F05 (18E30 81C99)},
  MRNUMBER = {509388},
       DOI = {10.1007/BF01681436},
}

@article{MR4651618,
    AUTHOR = {Lee, Kyoung-Seog and Moon, Han-Bom},
     TITLE = {Derived category and {ACM} bundles of moduli space of vector
              bundles on a curve},
   JOURNAL = {Forum Math. Sigma},
  FJOURNAL = {Forum of Mathematics. Sigma},
    VOLUME = {11},
      YEAR = {2023},
     PAGES = {Paper No. e81, 23},
   MRCLASS = {14F08 (14H60)},
  MRNUMBER = {4651618},
       DOI = {10.1017/fms.2023.75},
}

@software{IntersectionTheory,
  AUTHOR = {Song, Jieao},
   TITLE = {IntersectionTheory},
     URL = {https://github.com/8d1h/IntersectionTheory},
}

@misc{BGM-conjecture,
    AUTHOR = {Belmans, Pieter},
     TITLE = {Semiorthogonal decompositions for moduli of sheaves on curves},
      NOTE = {Interactions between Algebraic Geometry and Noncommutative Algebra, Mathematisches Forschungsinstitut Oberwolfach (2018)},
}

@misc{lee2018remarks,
      title={Remarks on motives of moduli spaces of rank 2 vector bundles on curves}, 
      author={Kyoung-Seog Lee},
      year={2018},
      eprint={1806.11101},
      archivePrefix={arXiv},
      primaryClass={math.AG}
}

@article {MR4557892,
    AUTHOR = {Belmans, Pieter and Galkin, Sergey and Mukhopadhyay, Swarnava},
     TITLE = {Decompositions of moduli spaces of vector bundles and graph
              potentials},
   JOURNAL = {Forum Math. Sigma},
  FJOURNAL = {Forum of Mathematics. Sigma},
    VOLUME = {11},
      YEAR = {2023},
     PAGES = {Paper No. e16, 28},
   MRCLASS = {14J33 (14C35 14D20 14F08 14J45 18G80)},
  MRNUMBER = {4557892},
MRREVIEWER = {Yang-Hui\ He},
       DOI = {10.1017/fms.2023.14},
}

@misc{tevelev2023bgmn,
      title={The BGMN conjecture via stable pairs}, 
      author={Jenia Tevelev and Sebasti√°n Torres},
      year={2023},
      eprint={2108.11951},
      archivePrefix={arXiv},
      primaryClass={math.AG},
      note = {accepted for publication in Duke Math. J.}
}

@misc{reineke2008modulirepresentationsquivers,
      title={Moduli of representations of quivers}, 
      author={Markus Reineke},
      year={2008},
      eprint={0802.2147},
      archivePrefix={arXiv},
      primaryClass={math.RT},
      url={https://arxiv.org/abs/0802.2147}, 
}